@article{Chepel_2013,
   title={Liquid noble gas detectors for low energy particle physics},
   volume={8},
   ISSN={1748-0221},
   url={http://dx.doi.org/10.1088/1748-0221/8/04/R04001},
   DOI={10.1088/1748-0221/8/04/r04001},
   number={04},
   journal={Journal of Instrumentation},
   publisher={IOP Publishing},
   author={Chepel, V and Araújo, H},
   year={2013},
   month={Apr},
   pages={R04001–R04001}
}

